@FOOTNOTE{Note1,key="Note1",note="Fefferman is Fields medalist."}
@FOOTNOTE{Note2,key="Note2",note="{\protect \tt  http://mmp2.github.io/megaman}"}
